@article{chalupa:1979,
  title={Bootstrap percolation on a Bethe lattice},
  author={Chalupa, John and Leath, Paul L and Reich, Gary R},
  journal={Journal of Physics C: Solid State Physics},
  volume={12},
  number={1},
  pages={L31},
  year={1979},
  publisher={IOP Publishing}
}

@phdthesis{pete:1997,
  title={Disease processes and bootstrap percolation},
  author={Pete, Gabor},
  year={1997},
  school={Thesis for diploma at the Bolyai Institute, Jzsef Attila University, Szeged}
}

@article{przykucki:2019,
  title={Smallest percolating sets in bootstrap percolation on grids},
  author={Przykucki, Micha{\l} and Shelton, Thomas},
  journal={arXiv preprint arXiv:1907.01940},
  year={2019}
}

@article{balogh:2006,
  title={Bootstrap percolation on the hypercube},
  author={Balogh, J{\'o}zsef and Bollob{\'a}s, B{\'e}la},
  journal={Probability Theory and Related Fields},
  volume={134},
  number={4},
  pages={624--648},
  year={2006},
  publisher={Springer}
}

@phdthesis{benevides:2021,
  title={Minimum lethal sets in grids and tori under 3-neighbour bootstrap percolation},
  author={Benevides, Fabricio and Bermond, Jean-Claude and Lesfari, Hicham and Nisse, Nicolas},
  year={2021},
  school={Universit{\'e} C{\^o}te d'Azur}
}

@article{hambardzumyan:2020,
  title={Lower bounds for graph bootstrap percolation via properties of polynomials},
  author={Hambardzumyan, Lianna and Hatami, Hamed and Qian, Yingjie},
  journal={Journal of Combinatorial Theory, Series A},
  volume={174},
  pages={105253},
  year={2020},
  publisher={Elsevier}
}

@inproceedings{bollobas1968weakly,
  title={Weakly k-saturated graphs},
  author={Bollob{\'a}s, B{\'e}la},
  booktitle={Beitr{\"a}ge zur Graphentheorie (Kolloquium, Manebach, 1967)},
  volume={25},
  pages={31},
  year={1968}
}

@article{benevides2015maximum,
  title={Maximum percolation time in two-dimensional bootstrap percolation},
  author={Benevides, Fabricio and Przykucki, Micha{\l}},
  journal={SIAM Journal on Discrete Mathematics},
  volume={29},
  number={1},
  pages={224--251},
  year={2015},
  publisher={SIAM}
}

@article{benevides2013slowly,
  title={On slowly percolating sets of minimal size in bootstrap percolation},
  author={Benevides, Fabricio and Przykucki, Micha{\l}},
  journal={the electronic journal of combinatorics},
  pages={P46--P46},
  year={2013}
}