@article{dove,
    title={Supersaturation in the Boolean lattice},
    author={Andrew P. Dove and Jerrold R. Griggs and Ross J. Kang and Jean-SÃ©bastien Sereni},
    year={2013},
    eprint={1303.4336},
    archivePrefix={arXiv},
    primaryClass={math.CO}
}

